%% This BibTeX bibliography file was created using BibDesk.
%% http://bibdesk.sourceforge.net/

%% Created for WedlerThomas at 2017-07-19 23:06:19 +0200


%% Saved with string encoding Unicode (UTF-8)


@ARTICLE{solanas,
	author={{A. Solanas, C. Patsakis, et al.}},
	journal={IEEE Communications Magazine},
	title={Smart health: A context-aware health paradigm within smart cities},
	year={2014},
	volume={52},
	number={8},
	pages={74-81}}

@url{bitkom,
	Author = {{Bitkom e.V.}},
	Lastchecked = {29.01.2018},
	Title = {{Gesundheit in der digitalen Stadt: was heutzutage bereits technologisch möglich wäre}},
	Url = {{http://www.digitalestadt.org/bitkom/org/Digitale-Stadt/Digitale-Stadt/Gesundheit/index-2.html}},
	Year = {2017}}

@url{cibek,
	Author = {{CIBEK Gruppe}},
	Lastchecked = {29.01.2018},
	Title = {{meinPAUL-Lösungsplattform}},
	Url = {{https://cibek.de/index.php/geschaeftsbereiche/meinpaul.html}},
	Year = {2018}}

@url{pillo,
	Author = {{Pillo Health}},
	Lastchecked = {29.01.2018},
	Title = {{Pillo: Your Personal Home Health Robot}},
	Url = {{https://www.indiegogo.com/projects/pillo-your-personal-home-health-robot-family-technology}},
	Year = {2016}}

@url{willaredt,
	Author = {Jonas Willaredt},
	Lastchecked = {29.01.2018 \newline},
	Title = {{Indoor-Navigation}},
	Url = {{https://www.fokus.fraunhofer.de/go/indoor-navigation}},
	Year = {2017}}

@url{john,
	Author = {Michael John},
	Lastchecked = {29.01.2018},
	Title = {{MyRehab: Telemedizinplattform für Therapieunterstützung}},
	Url = {{https://cdn1.scrvt.com/fokus/7b605a8d5466572a/824d4cb72a5651ecae8f39c8d63bf215/MyRehab.pdf}},
	Year = {2013}}

@url{companion2go,
	Author = {{Companion2Go GbR}},
	Lastchecked = {29.01.2018},
	Title = {{Finde deinen Companion für Events oder Reisen}},
	Url = {{https://companion2go.de/}},
	Year = {2017}}

@url{tropf-zukunft,
	Author = {Teresa Maria Tropf},
	Lastchecked = {29.01.2018},
	Title = {{Ärzte sind offen für die digitale Zukunft der Medizin}},
	Url = {{http://www.digitalestadt.org/bitkom/org/Presse/Presseinformation/Aerzte-sind-offen-fuer-die-digitale-Zukunft-der-Medizin.html}},
	Year = {2017}}

@url{tropf-wachstum,
	Author = {Teresa Maria Tropf},
	Lastchecked = {29.01.2018},
	Title = {{Markt für Digital Health mit großem Wachstumspotenzial}},
	Url = {{http://www.digitalestadt.org/bitkom/org/Presse/Presseinformation/Markt-fuer-Digital-Health-mit-grossem-Wachstumspotenzial.html}},
	Year = {2017}}

@url{tropf-apps,
	Author = {Teresa Maria Tropf},
	Lastchecked = {29.01.2018},
	Title = {{Fast jeder Zweite nutzt Gesundheits-Apps}},
	Url = {{http://www.digitalestadt.org/bitkom/org/Presse/Presseinformation/Fast-jeder-Zweite-nutzt-Gesundheits-Apps.html}},
	Year = {2017}}

@url{bmg,
	Author = {{Bundesministerium für Gesundheit}},
	Lastchecked = {29.01.2018},
	Title = {{E-Health-Gesetz}},
	Url = {{https://www.bundesgesundheitsministerium.de/service/begriffe-von-a-z/e/e-health-gesetz.html}},
	Year = {2017}}

@url{thaw,
	Author = {{THaW}},
	Lastchecked = {29.01.2018 \newline},
	Title = {{Trustworthy Health & Wellness}},
	Url = {{https://thaw.org/}},
	Year = {2018}}

@url{sharps,
	Author = {{University of Illinois Board of Trustees}},
	Lastchecked = {29.01.2018},
	Title = {{Strategic Health IT Advanced Research Projects on Security}},
	Url = {{http://sharps.org/}},
	Year = {2012}}

@url{gematik,
	Author = {{Gesellschaft für Telematikanwendungen der Gesundheitskarte mbH}},
	Lastchecked = {29.01.2018 \newline},
	Title = {{Wir vernetzen das Gesundheitswesen. Sicher.}},
	Url = {{https://www.gematik.de/}},
	Year = {2018}}